<record><leader>01382ccm a2200313 a 4500</leader><controlfield tag="001">1341293</controlfield><controlfield tag="008">901206s1985    nyucoca         n   eng o</controlfield><datafield ind1="2" ind2="1" tag="028"><subfield code="a">AMP-7920-3</subfield><subfield code="b">Associated Music Publishers</subfield></datafield><datafield ind1="2" ind2="1" tag="028"><subfield code="a">7920-3</subfield><subfield code="b">Associated Music Publishers</subfield></datafield><datafield ind1=" " ind2=" " tag="035"><subfield code="a">ocm14361842</subfield></datafield><datafield ind1=" " ind2=" " tag="040"><subfield code="a">LDL</subfield><subfield code="b">eng</subfield><subfield code="c">LDL</subfield><subfield code="d">m/c</subfield></datafield><datafield ind1=" " ind2=" " tag="049"><subfield code="a">AEU</subfield><subfield code="b">eng</subfield></datafield><datafield ind1=" " ind2=" " tag="050"><subfield code="a">M1031.S384</subfield><subfield code="b">W32 1985x</subfield></datafield><datafield ind1="0" ind2=" " tag="090"><subfield code="a">M 1031 S386 C744 1985 folio</subfield></datafield><datafield ind1="1" ind2=" " tag="100"><subfield code="a">Schuller, Gunther.</subfield></datafield><datafield ind1="1" ind2="0" tag="240"><subfield code="a">Concertos,</subfield><subfield code="m">trumpet, chamber orchestra;</subfield><subfield code="o">arranged</subfield></datafield><datafield ind1="1" ind2="0" tag="245"><subfield code="a">Concerto for trumpet and chamber orchestra</subfield><subfield code="h">[music] /</subfield><subfield code="c">Gunther Schuller ; piano reduction by Robert Waddell.</subfield></datafield><datafield ind1=" " ind2=" " tag="254"><subfield code="a">Piano reduction.</subfield></datafield><datafield ind1=" " ind2=" " tag="260"><subfield code="a">New York, N.Y. :</subfield><subfield code="b">Associated Music Publishers,</subfield><subfield code="c">c1985.</subfield></datafield><datafield ind1=" " ind2=" " tag="300"><subfield code="a">1 score (56 p.) + 1 part (16 p.) ;</subfield><subfield code="c">31 cm.</subfield></datafield><datafield ind1=" " ind2=" " tag="336"><subfield code="a">notated music</subfield><subfield code="b">ntm</subfield><subfield code="2">rdacontent</subfield></datafield><datafield ind1=" " ind2=" " tag="337"><subfield code="a">unmediated</subfield><subfield code="b">n</subfield><subfield code="2">rdamedia</subfield></datafield><datafield ind1=" " ind2=" " tag="500"><subfield code="a">Score in C major.</subfield></datafield><datafield ind1=" " ind2=" " tag="500"><subfield code="a">"... this 'piano score' is intended by the composer for rehearsal and study purposes only; under no circumstances is it to be used for performance." -- verso t.p.</subfield></datafield><datafield ind1=" " ind2=" " tag="500"><subfield code="a">Pl. no.: AMP-7920-3.</subfield></datafield><datafield ind1=" " ind2=" " tag="596"><subfield code="a">43</subfield></datafield><datafield ind1=" " ind2="0" tag="650"><subfield code="a">Concertos (Trumpet with chamber orchestra)</subfield><subfield code="v">Solo with piano.</subfield></datafield><datafield ind1="1" ind2=" " tag="700"><subfield code="a">Waddell, Robert George.</subfield></datafield><datafield ind1=" " ind2=" " tag="926"><subfield code="a">M 1031 S386 C744 1985 folio</subfield><subfield code="w">LC</subfield><subfield code="c">1</subfield><subfield code="i">000035133891</subfield><subfield code="d">4/26/2010</subfield><subfield code="e">3/15/2010</subfield><subfield code="l">MUSIC</subfield><subfield code="m">UAHSS</subfield><subfield code="n">2</subfield><subfield code="p">$150.00</subfield><subfield code="r">Y</subfield><subfield code="s">Y</subfield><subfield code="t">MUSICSCORE</subfield><subfield code="u">12/10/1990</subfield></datafield></record>